@Article{spong92,
title = {{On the robust control of robot manipulators}},
author ={M.W. Spong},
journal = {IEEE Tran. Automat. Cont.},
volume=37,
pages = "1782--1786",
year = 1992,
}
